<?xml version="1.0" encoding="UTF-8"?><record xmlns="http://www.loc.gov/MARC21/slim" xmlns:cinclude="http://apache.org/cocoon/include/1.0" xmlns:zs="http://www.loc.gov/zing/srw/">
  <leader>00641nz  a2200169n  4500</leader>
  <controlfield tag="001">no2014040171</controlfield>
  <controlfield tag="003">DLC</controlfield>
  <controlfield tag="005">20140326073603.0</controlfield>
  <controlfield tag="008">140325n| azannaabn          |a aaa     c</controlfield>
  <datafield tag="010" ind1=" " ind2=" ">
    <subfield code="a">no2014040171</subfield>
  </datafield>
  <datafield tag="035" ind1=" " ind2=" ">
    <subfield code="a">(OCoLC)oca09716332</subfield>
  </datafield>
  <datafield tag="040" ind1=" " ind2=" ">
    <subfield code="a">PE-LiPUB</subfield>
    <subfield code="b">eng</subfield>
    <subfield code="c">PE-LiPUB</subfield>
    <subfield code="e">rda</subfield>
  </datafield>
  <datafield tag="100" ind1="1" ind2=" ">
    <subfield code="a">Rozas Urrunaga, Lucila Jimena</subfield>
  </datafield>
  <datafield tag="375" ind1=" " ind2=" ">
    <subfield code="a">female</subfield>
  </datafield>
  <datafield tag="377" ind1=" " ind2=" ">
    <subfield code="a">spa</subfield>
  </datafield>
  <datafield tag="400" ind1="1" ind2=" ">
    <subfield code="a">Urrunaga, Lucila Jimena Rozas</subfield>
  </datafield>
  <datafield tag="670" ind1=" " ind2=" ">
    <subfield code="a">Trayectorias de postulación y carreras políticas en el Perú, 2012:</subfield>
    <subfield code="b">t.p. (Lucila Jimena Rozas Urrunaga; Pontificia Universidad Católica del Perú. Facultad de Ciencias Sociales; Licenciada en Ciencia Política y Gobierno)</subfield>
  </datafield>
</record>